%YAML 1.1
%TAG !u! tag:unity3d.com,2011:
--- !u!244 &-3996828525431708274
AudioMixerEffectController:
  m_ObjectHideFlags: 3
  m_CorrespondingSourceObject: {fileID: 0}
  m_PrefabInstance: {fileID: 0}
  m_PrefabAsset: {fileID: 0}
  m_Name: 
  m_EffectID: c0b3d841f5117f6409be4cde0c18bcfe
  m_EffectName: Attenuation
  m_MixLevel: 650ba68af7e7ac34aa66f34d752ef886
  m_Parameters: []
  m_SendTarget: {fileID: 0}
  m_EnableWetMix: 0
  m_Bypass: 0
--- !u!241 &24100000
AudioMixerController:
  m_ObjectHideFlags: 0
  m_CorrespondingSourceObject: {fileID: 0}
  m_PrefabInstance: {fileID: 0}
  m_PrefabAsset: {fileID: 0}
  m_Name: NewAudioMixer
  m_OutputGroup: {fileID: 0}
  m_MasterGroup: {fileID: 24300002}
  m_Snapshots:
  - {fileID: 24500006}
  m_StartSnapshot: {fileID: 24500006}
  m_SuspendThreshold: -80
  m_EnableSuspend: 1
  m_UpdateMode: 0
  m_ExposedParameters:
  - guid: 2e61b4a1f8173604e9242d6314c8c621
    name: MusicVolume
  m_AudioMixerGroupViews:
  - guids:
    - 4f67fcfacf921d6429882f160d8f0939
    - 048fdb62d2f5d394b8122115916038ed
    name: View
  m_CurrentViewIndex: 0
  m_TargetSnapshot: {fileID: 24500006}
--- !u!243 &24300002
AudioMixerGroupController:
  m_ObjectHideFlags: 0
  m_CorrespondingSourceObject: {fileID: 0}
  m_PrefabInstance: {fileID: 0}
  m_PrefabAsset: {fileID: 0}
  m_Name: Master
  m_AudioMixer: {fileID: 24100000}
  m_GroupID: 4f67fcfacf921d6429882f160d8f0939
  m_Children:
  - {fileID: 6580932680789289153}
  m_Volume: a6ed4f8fada47c341ac2eb51dbdbe5bb
  m_Pitch: 48f5dacf31f0157409876bd6e336eefc
  m_Send: 00000000000000000000000000000000
  m_Effects:
  - {fileID: 24400004}
  m_UserColorIndex: 0
  m_Mute: 0
  m_Solo: 0
  m_BypassEffects: 0
--- !u!244 &24400004
AudioMixerEffectController:
  m_ObjectHideFlags: 3
  m_CorrespondingSourceObject: {fileID: 0}
  m_PrefabInstance: {fileID: 0}
  m_PrefabAsset: {fileID: 0}
  m_Name: 
  m_EffectID: d8b92cd9a0daead4e811ed1208563394
  m_EffectName: Attenuation
  m_MixLevel: 40d9985f231875549b8ea5e4bc81e1cc
  m_Parameters: []
  m_SendTarget: {fileID: 0}
  m_EnableWetMix: 0
  m_Bypass: 0
--- !u!245 &24500006
AudioMixerSnapshotController:
  m_ObjectHideFlags: 0
  m_CorrespondingSourceObject: {fileID: 0}
  m_PrefabInstance: {fileID: 0}
  m_PrefabAsset: {fileID: 0}
  m_Name: Snapshot
  m_AudioMixer: {fileID: 24100000}
  m_SnapshotID: 5c34eabd1aed8f24a855cd6c5d0a8686
  m_FloatValues: {}
  m_TransitionOverrides: {}
--- !u!243 &6580932680789289153
AudioMixerGroupController:
  m_ObjectHideFlags: 0
  m_CorrespondingSourceObject: {fileID: 0}
  m_PrefabInstance: {fileID: 0}
  m_PrefabAsset: {fileID: 0}
  m_Name: Music
  m_AudioMixer: {fileID: 24100000}
  m_GroupID: 048fdb62d2f5d394b8122115916038ed
  m_Children: []
  m_Volume: 2e61b4a1f8173604e9242d6314c8c621
  m_Pitch: 13895902cc79c34449a69d3d313e4c64
  m_Send: 00000000000000000000000000000000
  m_Effects:
  - {fileID: -3996828525431708274}
  m_UserColorIndex: 0
  m_Mute: 0
  m_Solo: 0
  m_BypassEffects: 0
